%YAML 1.1
%TAG !u! tag:unity3d.com,2011:
--- !u!241 &24100000
AudioMixerController:
  m_ObjectHideFlags: 0
  m_CorrespondingSourceObject: {fileID: 0}
  m_PrefabInstance: {fileID: 0}
  m_PrefabAsset: {fileID: 0}
  m_Name: MainMixer
  m_OutputGroup: {fileID: 0}
  m_MasterGroup: {fileID: 24300002}
  m_Snapshots:
  - {fileID: 24500006}
  m_StartSnapshot: {fileID: 24500006}
  m_SuspendThreshold: -80
  m_EnableSuspend: 1
  m_UpdateMode: 0
  m_ExposedParameters: []
  m_AudioMixerGroupViews:
  - guids:
    - 6ec0316d47069394b8ecb9cd12617876
    - 17faa0f2fb21a93438c5dc4bfd3e11bf
    - 6a14757fbbfc8114eb1ad419c8458314
    name: View
  m_CurrentViewIndex: 0
  m_TargetSnapshot: {fileID: 24500006}
--- !u!243 &24300002
AudioMixerGroupController:
  m_ObjectHideFlags: 0
  m_CorrespondingSourceObject: {fileID: 0}
  m_PrefabInstance: {fileID: 0}
  m_PrefabAsset: {fileID: 0}
  m_Name: Master
  m_AudioMixer: {fileID: 24100000}
  m_GroupID: 6ec0316d47069394b8ecb9cd12617876
  m_Children:
  - {fileID: 3629044639208928733}
  - {fileID: 8851040742769235935}
  m_Volume: 4b04d6ab76aa6724eaf7e48fe31f5a80
  m_Pitch: b7e4ef5372edfa948a1bc841abd834b0
  m_Send: 00000000000000000000000000000000
  m_Effects:
  - {fileID: 24400004}
  m_UserColorIndex: 0
  m_Mute: 0
  m_Solo: 0
  m_BypassEffects: 0
--- !u!244 &24400004
AudioMixerEffectController:
  m_ObjectHideFlags: 3
  m_CorrespondingSourceObject: {fileID: 0}
  m_PrefabInstance: {fileID: 0}
  m_PrefabAsset: {fileID: 0}
  m_Name: 
  m_EffectID: 2b6e9f0098655be47944e0d7d36d86a7
  m_EffectName: Attenuation
  m_MixLevel: a719598b88dbf7d47b5693a222c85947
  m_Parameters: []
  m_SendTarget: {fileID: 0}
  m_EnableWetMix: 0
  m_Bypass: 0
--- !u!245 &24500006
AudioMixerSnapshotController:
  m_ObjectHideFlags: 0
  m_CorrespondingSourceObject: {fileID: 0}
  m_PrefabInstance: {fileID: 0}
  m_PrefabAsset: {fileID: 0}
  m_Name: Snapshot
  m_AudioMixer: {fileID: 24100000}
  m_SnapshotID: cd243f6abb39b6245af059a465ba56eb
  m_FloatValues: {}
  m_TransitionOverrides: {}
--- !u!243 &3629044639208928733
AudioMixerGroupController:
  m_ObjectHideFlags: 0
  m_CorrespondingSourceObject: {fileID: 0}
  m_PrefabInstance: {fileID: 0}
  m_PrefabAsset: {fileID: 0}
  m_Name: GunShot
  m_AudioMixer: {fileID: 24100000}
  m_GroupID: 17faa0f2fb21a93438c5dc4bfd3e11bf
  m_Children: []
  m_Volume: 72c1eb65894ced44db080a41343042de
  m_Pitch: 18feed988c7fadb4d9294974e7fa3bc8
  m_Send: 00000000000000000000000000000000
  m_Effects:
  - {fileID: 4664647396438090853}
  m_UserColorIndex: 0
  m_Mute: 0
  m_Solo: 0
  m_BypassEffects: 0
--- !u!244 &4664647396438090853
AudioMixerEffectController:
  m_ObjectHideFlags: 3
  m_CorrespondingSourceObject: {fileID: 0}
  m_PrefabInstance: {fileID: 0}
  m_PrefabAsset: {fileID: 0}
  m_Name: 
  m_EffectID: 211739f758438aa4a80ffb25fb65ff09
  m_EffectName: Attenuation
  m_MixLevel: 93133e5768b6aec4facf8c51eaa215ac
  m_Parameters: []
  m_SendTarget: {fileID: 0}
  m_EnableWetMix: 0
  m_Bypass: 0
--- !u!244 &8033228344048334533
AudioMixerEffectController:
  m_ObjectHideFlags: 3
  m_CorrespondingSourceObject: {fileID: 0}
  m_PrefabInstance: {fileID: 0}
  m_PrefabAsset: {fileID: 0}
  m_Name: 
  m_EffectID: bf62b0fe8795ee44384111eca64fc636
  m_EffectName: Attenuation
  m_MixLevel: f9be331410afdbc4b877251f265a2840
  m_Parameters: []
  m_SendTarget: {fileID: 0}
  m_EnableWetMix: 0
  m_Bypass: 0
--- !u!243 &8851040742769235935
AudioMixerGroupController:
  m_ObjectHideFlags: 0
  m_CorrespondingSourceObject: {fileID: 0}
  m_PrefabInstance: {fileID: 0}
  m_PrefabAsset: {fileID: 0}
  m_Name: 'Dead '
  m_AudioMixer: {fileID: 24100000}
  m_GroupID: 6a14757fbbfc8114eb1ad419c8458314
  m_Children: []
  m_Volume: bd934855a3d4fcd49b8dc6881c1adaa2
  m_Pitch: 345e3bada7be1a244a6e1a9d985dd5dc
  m_Send: 00000000000000000000000000000000
  m_Effects:
  - {fileID: 8033228344048334533}
  m_UserColorIndex: 0
  m_Mute: 0
  m_Solo: 0
  m_BypassEffects: 0
